<collection xmlns="http://www.loc.gov/MARC21/slim">
<record>
  <leader>01195nam0a2200253 i 450 </leader>
  <controlfield tag="001">IT\ICCU\CNCE\005843</controlfield>
  <controlfield tag="005">20160502000000.0</controlfield>
  <datafield tag="012" ind1=" " ind2=" ">
    <subfield code="a">tion n,e. i.uo deno (3) 1544 (A)</subfield>
    <subfield code="2">fei</subfield>
  </datafield>
  <datafield tag="100" ind1=" " ind2=" ">
    <subfield code="a">19970101d1544        0itac0103    ba</subfield>
  </datafield>
  <datafield tag="101" ind1=" " ind2=" ">
    <subfield code="a">ITA</subfield>
  </datafield>
  <datafield tag="102" ind1=" " ind2=" ">
    <subfield code="a">IT</subfield>
  </datafield>
  <datafield tag="200" ind1="1" ind2=" ">
    <subfield code="a">℗I ℗Psalmi di David tradotti dalla hebraica uerita, &amp; con brevi proemi dichiarati per Antonio Brucioli</subfield>
  </datafield>
  <datafield tag="210" ind1=" " ind2=" ">
    <subfield code="a">In Venetia</subfield>
    <subfield code="c">\Francesco Brucioli e fratelli!</subfield>
    <subfield code="d">1544</subfield>
    <subfield code="e">Impresso in Venetia</subfield>
    <subfield code="g">per Francesco Brucioli</subfield>
    <subfield code="h">et i frategli</subfield>
    <subfield code="h">1544</subfield>
  </datafield>
  <datafield tag="215" ind1=" " ind2=" ">
    <subfield code="a">\4!, 203, \1! p.</subfield>
    <subfield code="d">24ʻ</subfield>
  </datafield>
  <datafield tag="500" ind1="1" ind2="1">
    <subfield code="3">IT\ICCU\CNCE\005831</subfield>
    <subfield code="a">Bibbia. Vecchio Testamento. Salmi</subfield>
  </datafield>
  <datafield tag="620" ind1=" " ind2=" ">
    <subfield code="a">IT</subfield>
    <subfield code="d">Venezia</subfield>
  </datafield>
  <datafield tag="702" ind1=" " ind2="1">
    <subfield code="a">Brucioli,</subfield>
    <subfield code="b">Antonio</subfield>
    <subfield code="3">IT\ICCU\CNCA\000287</subfield>
  </datafield>
  <datafield tag="712" ind1="0" ind2="0">
    <subfield code="a">Brucioli, Francesco &amp; fratelli</subfield>
    <subfield code="3">IT\ICCU\CNCT\001015</subfield>
    <subfield code="4">650</subfield>
  </datafield>
  <datafield tag="790" ind1=" " ind2="1">
    <subfield code="a">Bruccioli,</subfield>
    <subfield code="b">Antonio</subfield>
    <subfield code="3">IT\ICCU\CNCA\012848</subfield>
    <subfield code="z">Brucioli, Antonio</subfield>
  </datafield>
  <datafield tag="791" ind1="0" ind2="0">
    <subfield code="a">Bruciolus, Franciscus &amp; fratres eius</subfield>
    <subfield code="3">IT\ICCU\CNCT\004784</subfield>
    <subfield code="z">Brucioli, Francesco &amp; fratelli</subfield>
  </datafield>
  <datafield tag="801" ind1=" " ind2="3">
    <subfield code="a">IT</subfield>
    <subfield code="b">ICCU</subfield>
    <subfield code="c">20201113</subfield>
  </datafield>
  <datafield tag="899" ind1=" " ind2=" ">
    <subfield code="a">Biblioteca nazionale centrale. Firenze</subfield>
    <subfield code="1">FI0098</subfield>
    <subfield code="2">CFI CF</subfield>
  </datafield>
  <datafield tag="911" ind1=" " ind2=" ">
    <subfield code="a">Sul front.</subfield>
    <subfield code="9">IT\ICCU\CNCM\000052</subfield>
  </datafield>
  <datafield tag="921" ind1=" " ind2=" ">
    <subfield code="a">IT\ICCU\CNCM\000052</subfield>
    <subfield code="b">Vite con grappoli d&apos;uva.</subfield>
    <subfield code="c">V299</subfield>
    <subfield code="c">Z1207</subfield>
    <subfield code="f">GRAPPOLI</subfield>
    <subfield code="f">UVA</subfield>
    <subfield code="f">VITE</subfield>
    <subfield code="g">1544-1548</subfield>
  </datafield>
</record>
</collection>
